@book{oauthSimplified,
  author = {Aaron Parecki},
  year = {August 14, 2017},
  title = {OAuth 2.0 Simplified},
  publisher = {Lulu.com}
}
@book{restfulOReilly,
  author = {Leonard Richardson},
  year = {September 30, 2013},
  title = {RESTful Web APIs: Services for a Changing World},
  publisher = {O'Reilly Media; 1st edition}
}
@misc{typescriptDocs,
  title = {TypeScript: The starting point for learning TypeScript},
  howpublished = {\url{https://www.typescriptlang.org/docs/}},
  note = {Accessed: 2022-06-23}
}
@misc{reactDocs,
  title = {React – A JavaScript library for building user interfaces},
  howpublished = {\url{https://reactjs.org/}},
  note = {Accessed: 2022-06-26}
}
@misc{i18nextDocs,
  title = {Introduction - i18next documentation},
  howpublished = {\url{https://www.i18next.com/}},
  note = {Accessed: 2022-07-21}
}
@misc{tanstackQueryDocs,
  title = {TanStack | High Quality Open-Source Software for Web Developers},
  howpublished = {\url{https://tanstack.com/}},
  note = {Accessed: 2022-07-22}
}
@misc{chartjs,
  title = {react-chartjs-2 | react-chartjs-2},
  howpublished = {\url{https://react-chartjs-2.js.org/}},
  note = {Accessed: 2023-01-03}
}
@misc{csharpDcos,
  title = {C\# docs - get started, tutorials, reference. | Microsoft Learn},
  howpublished = {\url{https://learn.microsoft.com/en-us/dotnet/csharp/}},
  note = {Accessed: 2023-01-03}
}
@misc{aspnetDocs,
  title = {ASP.NET documentation | Microsoft Learn},
  howpublished = {\url{https://learn.microsoft.com/en-us/aspnet/core/?view=aspnetcore-7.0}},
  note = {Accessed: 2022-05-03}
}
@misc{efcoreDocs,
  title = {Entity Framework documentation | Microsoft Learn},
  howpublished = {\url{https://learn.microsoft.com/en-us/ef/}},
  note = {Accessed: 2022-05-03}
}
@misc{pomeloDocs,
  title = {PomeloFoundation/Pomelo.EntityFrameworkCore.MySql: Entity Framework Core provider for MySQL and MariaDB built on top of MySqlConnector},
  howpublished = {\url{https://github.com/PomeloFoundation/Pomelo.EntityFrameworkCore.MySql}},
  note = {Accessed: 2022-05-04}
}
@misc{mysqlDocs,
  title = {MySQL :: Developer Zone},
  howpublished = {\url{https://dev.mysql.com/}},
  note = {Accessed: 2022-05-04}
}
@misc{c4modelDocs,
  title = {The C4 model for visualising software architecture},
  howpublished = {\url{https://c4model.com/}},
  note = {Accessed: 2022-05-04}
}
@misc{oauthDocs,
  title = {OAuth 2.0 — OAuth},
  howpublished = {\url{https://oauth.net/2/}},
  note = {Accessed: 2022-05-07}
}
@misc{gmailapiDocs,
  title = {Gmail API Overview  |  Google Developers},
  howpublished = {\url{https://developers.google.com/gmail/api/guides}},
  note = {Accessed: 2022-07-07}
}
@misc{dotnetDocs,
  title = {.NET documentation | Microsoft Learn},
  howpublished = {\url{https://learn.microsoft.com/en-us/dotnet/}},
  note = {Accessed: 2022-07-12}
}
@misc{gmailApiAuthDocs,
  title = {Authorizing Your App with Gmail  |  Google Developers},
  howpublished = {\url{https://developers.google.com/gmail/api/auth/about-auth}},
  note = {Accessed: 2022-07-06}
}